
@misc{ enwiki:1045150258,
    author = "{Wikipedia contributors}",
    title = "Standard Model --- {Wikipedia}{,} The Free Encyclopedia",
    year = "2021",
    url = "https://en.wikipedia.org/w/index.php?title=Standard_Model&oldid=1045150258",
    note = "[Online; accessed 29-September-2021]"
  }
@article{article,
author = {Alwall, Johan},
year = {2001},
month = {09},
pages = {},
title = {Master of Science thesis: Supersymmetry and extensions of the Standard Model}
}
@phdthesis{Clarke:2016vnr,
    author = "Clarke, Jackson David",
    title = "{Physics Beyond the Standard Model}",
    school = "Melbourne U.",
    year = "2016"
}

  
  @article{ParticleDataGroup:2016lqr,
    author = "Patrignani, C. and others",
    collaboration = "Particle Data Group",
    title = "{Review of Particle Physics}",
    doi = "10.1088/1674-1137/40/10/100001",
    journal = "Chin. Phys. C",
    volume = "40",
    number = "10",
    pages = "100001",
    year = "2016"
}

@article{Wboson,
  title = {Review of Particle Physics},
  author = {Beringer, J. and Arguin},
  collaboration = {Particle Data Group},
  journal = {Phys. Rev. D},
  volume = {86},
  issue = {1},
  pages = {010001},
  numpages = {1528},
  year = {2012},
  month = {Jul},
  publisher = {American Physical Society},
  doi = {10.1103/PhysRevD.86.010001},
  url = {https://link.aps.org/doi/10.1103/PhysRevD.86.010001}
}
@online{Zboson,
author = {(URL: http://pdg.lbl.gov},
title = {W},
year = {2014},
url = {https://pdg.lbl.gov/2018/listings/rpp2018-list-z-boson.pdf},
}

@book{Griffith87,
AUTHOR =	{David Griffiths},
TITLE =		{Introduction to Elementary Particles},
publisher =	{JOHN WILEY \& SONS,INC},
year = 		{1987},
}

@book{Griffiths:2008zz,
    author = "Griffiths, David",
    title = "{Introduction to elementary particles}",
    isbn = "978-3-527-40601-2",
    year = "2008"
}

@book{Griffith-ed,
AUTHOR =	{David Griffiths},
TITLE =		{Introduction to Electrodynamics, Chapter 12},
publisher =	{JOHN WILEY \& SONS,INC},
year = 		{1987},
}




@book{Quarks&lepton87,
AUTHOR =	{Francis Halzen and Alan D.Martin },
TITLE =		{Quarks and Leptons: An Introductory cource im modern particle physics},
publisher =	{JOHN WILEY \& SONS,INC},
year = 		{1984},
}


@inbook{diracequation,
  title={Quarks and Leptons},
  edition={2},
  author={Peyret, Roger and Taylor, Thomas D},
  year={1984},
  publisher={JOHN WILEY \& SONS,INC},
  address={New York},
  chapter={5}
}

@article{ACHARD200526,
title = {Measurement of the running of the electromagnetic coupling at large momentum-transfer at LEP},
journal = {Physics Letters B},
volume = {623},
number = {1},
pages = {26-36},
year = {2005},
issn = {0370-2693},
doi = {https://doi.org/10.1016/j.physletb.2005.07.052},
url = {https://www.sciencedirect.com/science/article/pii/S0370269305010439},
author = {P. Achard and O. Adriani },
abstract = {The evolution of the electromagnetic coupling.}
}

@misc{denterria2015highprecision,
      title={High-precision $\alpha_s$ measurements from LHC to FCC-ee}, 
      author={David d'Enterria and Peter Z. Skands and S. Alekhin and A. Banfi and S. Bethke and J. Blümlein and K. G. Chetyrkin and D. d'Enterria and G. Dissertori and X. Garcia i Tormo and A. H. Hoang and M. Klasen and T. Klijnsma and S. Kluth and J. -L. Kneur and B. A. Kniehl and D. W. Kolodrubetz and J. Kühn and P. Mackenzie and B. Malaescu and V. Mateu and L. Mihaila and S. Moch and K. Mönig and R. Perez-Ramos and A. Pich and J. Pires and K. Rabbertz and G. P. Salam and F. Sannino and J. Soto i Riera and M. Srebre and I. W. Stewart},
      year={2015},
      eprint={1512.05194},
      archivePrefix={arXiv},
      primaryClass={hep-ph}
}

@article{Hou_2021,
   title={New CTEQ global analysis of quantum chromodynamics with high-precision data from the LHC},
   volume={103},
   ISSN={2470-0029},
   url={http://dx.doi.org/10.1103/PhysRevD.103.014013},
   DOI={10.1103/physrevd.103.014013},
   number={1},
   journal={Physical Review D},
   publisher={American Physical Society (APS)},
   author={Hou, Tie-Jiun and Gao, Jun and Hobbs, T. J. and Xie, Keping and Dulat, Sayipjamal and Guzzi, Marco and Huston, Joey and Nadolsky, Pavel and Pumplin, Jon and Schmidt, Carl and et al.},
   year={2021},
   month={Jan}
}


@article{Ellis_2016,
   title={A Historical Profile of the Higgs Boson},
   ISBN={9789814733519},
   ISSN={1793-1339},
   url={http://dx.doi.org/10.1142/9789814733519_0014},
   DOI={10.1142/9789814733519_0014},
   journal={The Standard Theory of Particle Physics},
   publisher={WORLD SCIENTIFIC},
   author={Ellis, John and Gaillard, Mary K. and Nanopoulos, Dimitri V.},
   year={2016},
   month={Aug},
   pages={255–274}
}


@article{Collider:1998498,
      title         = "{The Large Hadron Collider}",
      month         = "Jan",
      year          = "2014",
      url           = "https://cds.cern.ch/record/1998498",
}

@article{Mobs:2684277,
      author        = "Mobs, Esma",
      title         = "{The CERN accelerator complex - 2019. Complexe des
                       accélérateurs du CERN - 2019}",
      month         = "Jul",
      year          = "2019",
      url           = "https://cds.cern.ch/record/2684277",
      note          = "General Photo",
}

@article{Collaboration_2008atlas,
	doi = {10.1088/1748-0221/3/08/s08003},
	url = {https://doi.org/10.1088/1748-0221/3/08/s08003},
	year = 2008,
	month = {aug},
	publisher = {{IOP} Publishing},
	volume = {3},
	number = {08},
	pages = {S08003--S08003},
	author = {The ATLAS Collaboration },
	title = {The {ATLAS} Experiment at the {CERN} Large Hadron Collider},
	journal = {Journal of Instrumentation},
	abstract = {The ATLAS detector as installed in its experimental cavern at point 1 at CERN is described in this paper. A brief overview of the expected performance of the detector when the Large Hadron Collider begins operation is also presented.}
}
@misc{siddireddy2018cms,
      title={The CMS ECAL Trigger and DAQ system: electronics auto-recovery and monitoring}, 
      author={Prasanna Kumar Siddireddy},
      year={2018},
      eprint={1806.09136},
      archivePrefix={arXiv},
      primaryClass={physics.ins-det}
}

@article{Collaboration_2008cms,
	doi = {10.1088/1748-0221/3/08/s08004},
	url = {https://doi.org/10.1088/1748-0221/3/08/s08004},
	year = 2008,
	month = {aug},
	publisher = {{IOP} Publishing},
	volume = {3},
	number = {08},
	pages = {S08004--S08004},
	author = {The CMS Collaboration},
	title = {The {CMS} experiment at the {CERN} {LHC}},
	journal = {Journal of Instrumentation},
	abstract = {The Compact Muon Solenoid (CMS) detector is described. The detector operates at the Large Hadron Collider (LHC) at CERN. It was conceived to study proton-proton (and lead-lead) collisions at a centre-of-mass energy of 14 TeV (5.5 TeV nucleon-nucleon) and at luminosities up to 1034 cm−2 s−1 (1027 cm−2 s−1). At the core of the CMS detector sits a high-magnetic-field and large-bore superconducting solenoid surrounding an all-silicon pixel and strip tracker, a lead-tungstate scintillating-crystals electromagnetic calorimeter, and a brass-scintillator sampling hadron calorimeter. The iron yoke of the flux-return is instrumented with four stations of muon detectors covering most of the 4π solid angle. Forward sampling calorimeters extend the pseudorapidity coverage to high values  assuring very good hermeticity. The overall dimensions of the CMS detector are a length of 21.6 m, a diameter of 14.6 m and a total weight of 12500 t.}
}

@article{Collaboration_2008,
	doi = {10.1088/1748-0221/3/08/s08007},
	url = {https://doi.org/10.1088/1748-0221/3/08/s08007},
	year = 2008,
	month = {aug},
	publisher = {{IOP} Publishing},
	volume = {3},
	number = {08},
	pages = {S08007--S08007},
	author = {The TOTEM Collaboration and G Anelli and G Antchev and P Aspell and V Avati and M G Bagliesi and V Berardi and M Berretti and V Boccone and U Bottigli and M Bozzo and E Brücken and A Buzzo and F Cafagna and M Calicchio and F Capurro and M G Catanesi and P L Catastini and R Cecchi and S Cerchi and R Cereseto and M A Ciocci and S Cuneo and C Da Vi{\`{a}} and E David and M Deile and E Dimovasili and M Doubrava and K Eggert and V Eremin and F Ferro and A Foussat and M Galu{\v{s}}ka and F Garcia and F Gherarducci and S Giani and V Greco and J Hasi and F Haug and J Heino and T Hilden and P Jarron and C Joram and J Kalliopuska and J Kaplon and J Ka{\v{s}}par and V Kundr{\'{a}}t and K Kurvinen and J M Lacroix and S Lami and G Latino and R Lauhakangas and E Lippmaa and M Lokaj{\'{\i}}{\v{c}}ek and M Lo Vetere and F Lucas Rodriguez and D Macina and M Macr{\'{\i}} and C Magazz{\`{u}} and G Magazz{\`{u}} and A Magri and G Maire and A Manco and M Meucci and S Minutoli and A Morelli and P Musico and M Negri and H Niewiadomski and E Noschis and G Notarnicola and E Oliveri and F Oljemark and R Orava and M Oriunno and A-L Perrot and K Österberg and R Paoletti and E Pedreschi and J Petäjäjärvi and P Pollovio and M Quinto and E Radermacher and E Radicioni and S Rangod and F Ravotti and G Rella and E Robutti and L Ropelewski and G Ruggiero and A Rummel and H Saarikko and G Sanguinetti and A Santroni and A Scribano and G Sette and W Snoeys and F Spinella and P Squillacioti and A Ster and C Taylor and A Tazzioli and D Torazza and A Trovato and A Trummal and N Turini and V Vacek and N Van Remortel and V Vin{\v{s}} and S Watts and J Whitmore and J Wu},
	title = {The {TOTEM} Experiment at the {CERN} Large Hadron Collider},
	journal = {Journal of Instrumentation},
	abstract = {The TOTEM Experiment will measure the total pp cross-section with the luminosity-independent method and study elastic and diffractive scattering at the LHC. To achieve optimum forward coverage for charged particles emitted by the pp collisions in the interaction point IP5, two tracking telescopes, T1 and T2, will be installed on each side in the pseudorapidity region , and Roman Pot stations will be placed at distances of ±147 m and ±220 m from IP5. Being an independent experiment but technically integrated into CMS, TOTEM will first operate in standalone mode to pursue its own physics programme and at a later stage together with CMS for a common physics programme. This article gives a description of the TOTEM apparatus and its performance.}
}

@article{article11,
author = {Focardi, Ettore},
year = {2012},
month = {12},
pages = {119-127},
title = {Status of the CMS Detector},
volume = {37},
journal = {Physics Procedia},
doi = {10.1016/j.phpro.2012.02.363}
}
@article{Collaboration_2008alice,
	doi = {10.1088/1748-0221/3/08/s08002},
	url = {https://doi.org/10.1088/1748-0221/3/08/s08002},
	year = 2008,
	month = {aug},
	publisher = {{IOP} Publishing},
	volume = {3},
	number = {08},
	pages = {S08002--S08002},
	author = {The ALICE Collaboration} ,
	title = {The {ALICE} experiment at the {CERN} {LHC}},
	journal = {Journal of Instrumentation},
	abstract = {ALICE.}
}

@article{Collaboration_2008lhcf,
	doi = {10.1088/1748-0221/3/08/s08006},
	url = {https://doi.org/10.1088/1748-0221/3/08/s08006},
	year = 2008,
	month = {aug},
	publisher = {{IOP} Publishing},
	volume = {3},
	number = {08},
	pages = {S08006--S08006},
	author = {The LHCf Collaboration and O Adriani and L Bonechi and M Bongi and G Castellini and R D{\textquotesingle}Alessandro and D A Faus and K Fukui and M Grandi and M Haguenauer and Y Itow and K Kasahara and D Macina and T Mase and K Masuda and Y Matsubara and H Menjo and M Mizuishi and Y Muraki and P Papini and A L Perrot and S Ricciarini and T Sako and Y Shimizu and K Taki and T Tamura and S Torii and A Tricomi and W C Turner and J Velasco and A Viciani and H Watanabe and K Yoshida},
	title = {The {LHCf} detector at the {CERN} Large Hadron Collider},
	journal = {Journal of Instrumentation},
	abstract = {LHCf}
}

@article{Collaboration_2008lhcb,
	doi = {10.1088/1748-0221/3/08/s08005},
	url = {https://doi.org/10.1088/1748-0221/3/08/s08005},
	year = 2008,
	month = {aug},
	publisher = {{IOP} Publishing},
	volume = {3},
	number = {08},
	pages = {S08005--S08005},
	author = {The LHCb Collaboration},
	title = {The {LHCb} Detector at the {LHC}},
	journal = {Journal of Instrumentation},
	abstract = {The LHCb experiment is dedicated to precision measurements of CP violation and rare decays of B hadrons at the Large Hadron Collider (LHC) at CERN (Geneva). The initial configuration and expected performance of the detector and associated systems, as established by test beam measurements and simulation studies, is described.}
}

@thesis{Waqas:2779481,
      author        = "Waqas, Muhammad",
      title         = "{Search for the associated production of a Z boson with a
                       single top quark using CMS data at 8 TeV and 13 TeV and
                       performance studies of the CMS silicon tracker.}",
      month         = "Feb",
      year          = "2019",
      url           = "https://cds.cern.ch/record/2779481",
      note          = "Presented 04 Sep 2019",
}
@thesis{Mead:2780780,
      author        = "Mead, James Vincent",
      title         = "{A measurement of top quark production at 13TeV
                       with LHCb data}",
      month         = "Mar",
      year          = "2021",
      url           = "http://cds.cern.ch/record/2780780",
      note          = "Presented 27 May 2021",
}

@unpublished{CMS-PHO-GEN-2012-002,
      title         = "{Detector Drawings}",
      collaboration = "CMS Collaboration",
      month         = "Mar",
      year          = "2012",
      url           = "https://cds.cern.ch/record/1433717",
      note          = "CMS Collection.",
}
@book{Layter:343814,
      author        = "Layter, J. G.",
      title         = "{The CMS muon project: Technical Design Report}",
      publisher     = "CERN",
      collaboration = "CMS Collaboration",
      address       = "Geneva",
      series        = "Technical design report. CMS",
      year          = "1997",
      url           = "https://cds.cern.ch/record/343814",
}
@article{Davis:2204863,
      author        = "Davis, Siona Ruth",
      title         = "{CMS slice image view (transverse/longitudinal/3-D)}",
      collaboration = "CMS Collaboration",
      month         = "Aug",
      year          = "2016",
      url           = "http://cds.cern.ch/record/2204863",
}


@book{CERN-LHCC-97-033,
      title         = "{The CMS electromagnetic calorimeter project: Technical
                       Design Report}",
      publisher     = "CERN",
      collaboration = "CMS Collaboration",
      address       = "Geneva",
      series        = "Technical design report. CMS",
      year          = "1997",
      url           = "https://cds.cern.ch/record/349375",
}

@article{collaboration_2011,
   title={Missing transverse energy performance of the CMS detector},
   volume={6},
   ISSN={1748-0221},
   url={http://dx.doi.org/10.1088/1748-0221/6/09/P09001},
   DOI={10.1088/1748-0221/6/09/p09001},
   number={09},
   journal={Journal of Instrumentation},
   publisher={IOP Publishing},
   author={collaboration, The CMS},
   year={2011},
   month={Sep},
   pages={P09001–P09001}
}

@book{Cittolin:578006,
      author        = "Cittolin, Sergio and Rcz, Attila and Sphicas, Paris",
      title         = "{CMS The TriDAS Project: Technical Design Report, Volume
                       2: Data Acquisition and High-Level Trigger. CMS trigger and
                       data-acquisition project}",
      publisher     = "CERN",
      collaboration = "CMS Collaboration",
      address       = "Geneva",
      series        = "Technical design report. CMS",
      year          = "2002",
      url           = "https://cds.cern.ch/record/578006",
}


@article{Klyukhin:2773274,
      author        = "Klyukhin, Vyacheslav",
      title         = "{Design and Description of the CMS Magnetic System Model}",
      journal       = "Symmetry",
      reportNumber  = "6",
      volume        = "13",
      pages         = "1052. 18 p",
      year          = "2021",
      url           = "http://cds.cern.ch/record/2773274",
      doi           = "10.3390/sym13061052",
}


@article{Sirunyan_2018,
   title={Performance of the CMS muon detector and muon reconstruction with proton-proton collisions at 13 TeV},
   volume={13},
   ISSN={1748-0221},
   url={http://dx.doi.org/10.1088/1748-0221/13/06/P06015},
   DOI={10.1088/1748-0221/13/06/p06015},
   number={06},
   journal={Journal of Instrumentation},
   publisher={IOP Publishing},
   author={Sirunyan, A.M. and Tumasyan, A. and Adam, W. and Ambrogi, F. and Asilar, E. and Bergauer, T. and Brandstetter, J. and Brondolin, E. and Dragicevic, M. and Erö, J. and et al.},
   year={2018},
}

@article{Khachatryan_2017,
   title={The CMS trigger system},
   volume={12},
   ISSN={1748-0221},
   url={http://dx.doi.org/10.1088/1748-0221/12/01/P01020},
   DOI={10.1088/1748-0221/12/01/p01020},
   number={01},
   journal={Journal of Instrumentation},
   publisher={IOP Publishing},
   author={Khachatryan, V. and Sirunyan, A.M. and Tumasyan, A. and Adam, W. and Asilar, E. and Bergauer, T. and Brandstetter, J. and Brondolin, E. and Dragicevic, M. and Erö, J. and et al.},
   year={2017},
   month={Jan},
   pages={P01020–P01020}
}

@article{article,
author = {Bossini, Edoardo},
year = {2018},
month = {10},
pages = {21},
title = {The Timing System of the TOTEM Experiment},
volume = {2},
journal = {Instruments},
doi = {10.3390/instruments2040021}
}


@article{PortilloQuintero:2668716,
      author        = "Portillo Quintero, Dilia Maria",
      title         = "{Impact of Missing Transverse Energy Significance in ATLAS
                       analyses in Run2}",
      collaboration = "ATLAS Collaboration",
      month         = "Mar",
      year          = "2019",
      url           = "https://cds.cern.ch/record/2668716",
}

@book{Aberle:2749422,
      author        = "CERN",
      title         = "{High-Luminosity Large Hadron Collider (HL-LHC): Technical design report}",
      publisher     = "CERN",
      address       = "Geneva",
      series        = "CERN Yellow Reports: Monographs",
      year          = "2020",
      url           = "https://cds.cern.ch/record/2749422",
      doi           = "10.23731/CYRM-2020-0010",
}



@article{Aad:1129811,
      author        = "CERN collaboration",
      title         = "{The ATLAS Experiment at the CERN Large Hadron Collider}",
      journal       = "JINST",
      collaboration = "ATLAS Collaboration",
      volume        = "3",
      pages         = "S08003. 437 p",
      year          = "2008",
      url           = "https://cds.cern.ch/record/1129811",
      note          = "Also published by CERN Geneva in 2010",
      doi           = "10.1088/1748-0221/3/08/S08003",
}

@article{Aad:1394292,
      author        = "CERN collaboration",
      title         = "{A study of the material in the ATLAS inner detector using
                       secondary hadronic interactions. A measurement of the
                       material in the ATLAS inner detector using secondary
                       hadronic interactions}",
      journal       = "JINST",
      collaboration = "ATLAS Collaboration",
      archivePrefix = "arXiv",
      eprint        = "1110.6191",
      reportNumber  = "CERN-PH-EP-2011-147, CERN-PH-EP-2011-147",
      volume        = "7",
      pages         = "P01013. 22 p",
      month         = "Oct",
      year          = "2011",
      url           = "https://cds.cern.ch/record/1394292",
      note          = "Comments: 22 pages plus author list (41 pages total), 12
                       figures, 4 tables, submitted to Journal of Instrumentation",
      doi           = "10.1088/1748-0221/7/01/P01013",
}

@online{cmssw,
author = {cmsrel},
title = {CMSSW},
year = {2017},
url = {https://twiki.cern.ch/twiki/bin/view/CMSPublic/WorkBookWhichRelease},
OPTsubtitle = {none},

}

@online{POWHEG,
author = {cmsrel},
title = {CMSSW},
year = {2019},
url = {https://twiki.cern.ch/twiki/bin/view/Main/PowhegBOX},
OPTsubtitle = {none},

}

@article{PhysRevD.51.44,
  title = {Order},
  author = {Rijken, P. J. and van Neerven, W. L.},
  journal = {Phys. Rev. D},
  volume = {51},
  issue = {1},
  pages = {44--63},
  numpages = {0},
  year = {1995},
  month = {Jan},
  publisher = {American Physical Society},
  doi = {10.1103/PhysRevD.51.44},
  url = {https://link.aps.org/doi/10.1103/PhysRevD.51.44}
}

@article{VANNEERVEN199211,
title = {The  corrected Drell-Yan K-factor in the DIS and MS schemes},
journal = {Nuclear Physics B},
volume = {382},
number = {1},
pages = {11-62},
year = {1992},
issn = {0550-3213},
doi = {https://doi.org/10.1016/0550-3213(92)90078-P},
url = {https://www.sciencedirect.com/science/article/pii/055032139290078P},
author = {W.L. {van Neerven} and E.B. Zijlstra},
abstract = {We present the...}
}


@article{WZ8tev,
author = {Ocampo, A. and Abdulsalam, Abdulla and Adair, A. and Adiguzel, A. and Anastassov, A. and Apresyan, A. and Apyan, A. and Askew, A. and Attikis, A. and Avetisyan, A. and Meyer, A. and Baden, A. and Barker, Anthony and Bean, A. and Belyaev, Alexander and Benaglia, Andrea and De, A. and Beretvas, A. and Bethani, A. and Zhang, Zonghao},
year = {2014},
month = {02},
pages = {},
title = {Measurement of Inclusive W and Z Boson Production Cross Sections in p p Collisions at s = 8 TeV},
volume = {112},
journal = {Physical review letters},
doi = {10.1103/PhysRevLett.112.191802}
}
@article{CMS:2015ois,
    collaboration = "CMS",
    title = "{Measurement of inclusive W and Z boson production cross sections in pp collisions at sqrt(s)=13 TeV}",
    reportNumber = "CMS-PAS-SMP-15-004",
    year = "2015"
}


@article{2016601,
title = {Measurement of W± and Z-boson production cross sections in pp collisions at s=13 TeV with the ATLAS detector},
journal = {Physics Letters B},
volume = {759},
pages = {601-621},
year = {2016},
issn = {0370-2693},
doi = {https://doi.org/10.1016/j.physletb.2016.06.023},
url = {https://www.sciencedirect.com/science/article/pii/S0370269316302763},
author = {G. Aad and B. Abbott},
abstract = {}
}

@article{UA1:1983crd,
    author = "Arnison, G. and others",
    collaboration = "UA1",
    title = "{Experimental Observation of Isolated Large Transverse Energy Electrons with Associated Missing Energy at $\sqrt{s}= 540$ GeV}",
    reportNumber = "CERN-EP-83-13",
    doi = "10.1016/0370-2693(83)91177-2",
    journal = "Phys. Lett. B",
    volume = "122",
    pages = "103--116",
    year = "1983"
}

@article{UA2:1983mlz,
    author = "Bagnaia, P. and others",
    collaboration = "UA2",
    title = "{Evidence for $Z^{0} \to e^+ e^-$ at the CERN $\bar{p} p$ Collider}",
    reportNumber = "CERN-EP-83-112",
    doi = "10.1016/0370-2693(83)90744-X",
    journal = "Phys. Lett. B",
    volume = "129",
    pages = "130--140",
    year = "1983"
}

@techreport{guageboson,
      title         = "{A Combination of Preliminary Results on Gauge Boson
                       Couplings Measured by the LEP experiments}",
      institution   = "CERN",
      collaboration = "ALEPH Collaboration, DELPHI Collaboration, L3
                       Collaboration, OPAL Collaboration, LEP TGC Working Group",
      address       = "Geneva",
      reportNumber  = "LEPEWWG-TGC-2003-01, DELPHI-2003-068-PHYS-936,
                       L3-Note-2826, LEPEWWG-2006-01, OPAL-TN-739,
                       ALEPH-2006-016-CONF-2003-012",
      month         = "Jan",
      year          = "2003",
      url           = "https://cds.cern.ch/record/2285934",
      note          = "2003 Summer Conferences",
}

@article{PhysRevLett.62.1005,
  title = {Measurement of W-boson production in 1.8-TeV p\ifmmode\bar\else\textasciimacron\fi{}p collisions},
  author = {Abe, F. and Amidei},
  journal = {Phys. Rev. Lett.},
  volume = {62},
  issue = {9},
  pages = {1005--1008},
  numpages = {0},
  year = {1989},
  month = {Feb},
  publisher = {American Physical Society},
  doi = {10.1103/PhysRevLett.62.1005},
  url = {https://link.aps.org/doi/10.1103/PhysRevLett.62.1005}
}

@article{PhysRevLett.100.102002,
  title = {Measurement of the Shape of the Boson-Transverse Momentum Distribution in $p\overline{p}\ensuremath{\rightarrow}Z/{\ensuremath{\gamma}}^{*}\ensuremath{\rightarrow}{e}^{+}{e}^{\ensuremath{-}}+X$ Events Produced at $\sqrt{s}=1.96\text{ }\text{ }\mathrm{TeV}$},
  author = {Abazov, V. M. and Abbott},
  collaboration = {The D0 Collaboration},
  journal = {Phys. Rev. Lett.},
  volume = {100},
  issue = {10},
  pages = {102002},
  numpages = {7},
  year = {2008},
  month = {Mar},
  publisher = {American Physical Society},
  doi = {10.1103/PhysRevLett.100.102002},
  url = {https://link.aps.org/doi/10.1103/PhysRevLett.100.102002}
}
@article{Schott_2014,
   title={Review of single vector boson production in pp collisions at $$\sqrt{s} = 7$$ s = 7  TeV},
   volume={74},
   ISSN={1434-6052},
   url={http://dx.doi.org/10.1140/epjc/s10052-014-2916-1},
   DOI={10.1140/epjc/s10052-014-2916-1},
   number={7},
   journal={The European Physical Journal C},
   publisher={Springer Science and Business Media LLC},
   author={Schott, Matthias and Dunford, Monica},
   year={2014},
   month={July},
}

@article{PhysRevD.86.010001,
  title = {Review of Particle Physics},
  author = {Beringer, J. and Arguin },
  collaboration = {Particle Data Group},
  journal = {Phys. Rev. D},
  volume = {86},
  issue = {1},
  pages = {010001},
  numpages = {1528},
  year = {2012},
  month = {Jul},
  publisher = {American Physical Society},
  doi = {10.1103/PhysRevD.86.010001},
  url = {https://link.aps.org/doi/10.1103/PhysRevD.86.010001}
}

@book{Griffiths:2008zz,
    author = "Griffiths, David",
    title = "{Introduction to elementary particles}",
    isbn = "978-3-527-40601-2",
    year = "2008"
}
@article{Chatrchyan_2012,
   title={Observation of a new boson at a mass of 125 GeV with the CMS experiment at the LHC},
   volume={716},
   ISSN={0370-2693},
   url={http://dx.doi.org/10.1016/j.physletb.2012.08.021},
   DOI={10.1016/j.physletb.2012.08.021},
   number={1},
   journal={Physics Letters B},
   publisher={Elsevier BV},
   author={Chatrchyan, S. and Khachatryan, V. and Sirunyan, A.M. and Tumasyan, A. and Adam, W. and Aguilo, E. and Bergauer, T. and Dragicevic, M. and Erö, J. and Fabjan, C. and et al.},
   year={2012},
   month={Sep},
   pages={30–61}
}
@article{Collaboration_2010,
	doi = {10.1088/1748-0221/5/03/t03003},
	url = {https://doi.org/10.1088/1748-0221/5/03/t03003},
	year = 2010,
	month = {mar},
	publisher = {{IOP} Publishing},
	volume = {5},
	number = {03},
	pages = {T03003--T03003},
	author = {CMS Collaboration},
	title = {Performance of the {CMS} drift-tube chamber local trigger with cosmic rays},
	journal = {Journal of Instrumentation},
	abstract = {The performance of the Local Trigger based on the drift-tube system of the CMS experiment has been studied using muons from cosmic ray events collected during the commissioning of the detector in 2008. The properties of the system are extensively tested and compared with the simulation. The effect of the random arrival time of the cosmic rays on the trigger performance is reported, and the results are compared with the design expectations for proton-proton collisions and with previous measurements obtained with muon beams.}
}


@inproceedings{Mukhi:2019yrf,
    author = "Mukhi, Sunil",
    title = "{Renormalisation in Quantum Field Theory}",
    eprint = "1908.04075",
    archivePrefix = "arXiv",
    primaryClass = "hep-ph",
    month = "8",
    year = "2019"
}
@article{Nadolsky_2008,
   title={Implications of CTEQ global analysis for collider observables},
   volume={78},
   ISSN={1550-2368},
   url={http://dx.doi.org/10.1103/PhysRevD.78.013004},
   DOI={10.1103/physrevd.78.013004},
   number={1},
   journal={Physical Review D},
   publisher={American Physical Society (APS)},
   author={Nadolsky, Pavel M. and Lai, Hung-Liang and Cao, Qing-Hong and Huston, Joey and Pumplin, Jon and Stump, Daniel and Tung, Wu-Ki and Yuan, C.-P.},
   year={2008},
   month={Jul}
}

@article{Martin_2009,
   title={Parton distributions for the LHC},
   volume={63},
   ISSN={1434-6052},
   url={http://dx.doi.org/10.1140/epjc/s10052-009-1072-5},
   DOI={10.1140/epjc/s10052-009-1072-5},
   number={2},
   journal={The European Physical Journal C},
   publisher={Springer Science and Business Media LLC},
   author={Martin, A. D. and Stirling, W. J. and Thorne, R. S. and Watt, G.},
   year={2009},
   month={Jul},
   pages={189–285}
}

@article{Alekhin_2010,
   title={3-, 4-, and 5-flavor next-to-next-to-leading order parton distribution functions from deep-inelastic-scattering data and at hadron colliders},
   volume={81},
   ISSN={1550-2368},
   url={http://dx.doi.org/10.1103/PhysRevD.81.014032},
   DOI={10.1103/physrevd.81.014032},
   number={1},
   journal={Physical Review D},
   publisher={American Physical Society (APS)},
   author={Alekhin, S. and Blümlein, J. and Klein, S. and Moch, S.},
   year={2010},
   month={Jan}
}

@article{Ball:2011us,
    author = "Ball, Richard D. and Bertone, Valerio and Del Debbio, Luigi and Forte, Stefano and Guffanti, Alberto and Latorre, Jose I. and Lionetti, Simone and Rojo, Juan and Ubiali, Maria",
    title = "{Precision NNLO determination of $\alpha_s(M_Z)$ using an unbiased global parton set}",
    eprint = "1110.2483",
    archivePrefix = "arXiv",
    primaryClass = "hep-ph",
    reportNumber = "CERN-PH-TH-2011-225, EDINBURGH-2011-29, FR-PHENO-2011-018, TTK-11-50, IFUM-985-FT",
    doi = "10.1016/j.physletb.2011.11.053",
    journal = "Phys. Lett. B",
    volume = "707",
    pages = "66--71",
    year = "2012"
}
@article{Blok_2016,
   title={Dynamical approach to MPI in W+dijet and Z+dijet production within the PYTHIA event generator},
   volume={76},
   ISSN={1434-6052},
   url={http://dx.doi.org/10.1140/epjc/s10052-016-4035-7},
   DOI={10.1140/epjc/s10052-016-4035-7},
   number={4},
   journal={The European Physical Journal C},
   publisher={Springer Science and Business Media LLC},
   author={Blok, B. and Gunnellini, P.},
   year={2016},
   month={Apr}
}

@article{Sj_strand_2008,
   title={A brief introduction to PYTHIA 8.1},
   volume={178},
   ISSN={0010-4655},
   url={http://dx.doi.org/10.1016/j.cpc.2008.01.036},
   DOI={10.1016/j.cpc.2008.01.036},
   number={11},
   journal={Computer Physics Communications},
   publisher={Elsevier BV},
   author={Sjöstrand, Torbjörn and Mrenna, Stephen and Skands, Peter},
   year={2008},
   month={Jun},
   pages={852–867}
}

@article{Corcella_2001,
   title={HERWIG 6: an event generator for hadron emission reactions with interfering gluons (including supersymmetric processes)},
   volume={2001},
   ISSN={1029-8479},
   url={http://dx.doi.org/10.1088/1126-6708/2001/01/010},
   DOI={10.1088/1126-6708/2001/01/010},
   number={01},
   journal={Journal of High Energy Physics},
   publisher={Springer Science and Business Media LLC},
   author={Corcella, Gennaro and Knowles, Ian G and Marchesini, Giuseppe and Moretti, Stefano and Odagiri, Kosuke and Richardson, Peter and Seymour, Michael H and Webber, Bryan R},
   year={2001},
   month={Jan},
   pages={010–010}
}

@article{Gleisberg_2009,
   title={Event generation with SHERPA 1.1},
   volume={2009},
   ISSN={1029-8479},
   url={http://dx.doi.org/10.1088/1126-6708/2009/02/007},
   DOI={10.1088/1126-6708/2009/02/007},
   number={02},
   journal={Journal of High Energy Physics},
   publisher={Springer Science and Business Media LLC},
   author={Gleisberg, T and Höche, S and Krauss, F and Schönherr, M and Schumann, S and Siegert, F and Winter, J},
   year={2009},
   month={Feb},
   pages={007–007}
}
@article{Oleari_2010,
   title={The POWHEG BOX},
   volume={205-206},
   ISSN={0920-5632},
   url={http://dx.doi.org/10.1016/j.nuclphysbps.2010.08.016},
   DOI={10.1016/j.nuclphysbps.2010.08.016},
   journal={Nuclear Physics B - Proceedings Supplements},
   publisher={Elsevier BV},
   author={Oleari, C.},
   year={2010},
   month={Aug},
   pages={36–41}
}

@article{Aad_2016,
   title={Measurement of W± and Z-boson production cross sections in pp collisions at s=13 TeV with the ATLAS detector},
   volume={759},
   ISSN={0370-2693},
   url={http://dx.doi.org/10.1016/j.physletb.2016.06.023},
   DOI={10.1016/j.physletb.2016.06.023},
   journal={Physics Letters B},
   publisher={Elsevier BV},
   author={Aad, G. and Abbott, B. and Abdallah, J. and Abdinov, O. and Abeloos, B. and Aben, R. and AbouZeid, O.S. and Abraham, N.L. and Abramowicz, H. and Abreu, H. and et al.},
   year={2016},
   month={Aug},
   pages={601–621}
}
@article{2011,
   title={Measurement of the inclusive W and Z production cross sections in pp collisions at $ \sqrt {s} = 7 $ TeV with the CMS experiment},
   volume={2011},
   ISSN={1029-8479},
   url={http://dx.doi.org/10.1007/JHEP10(2011)132},
   DOI={10.1007/jhep10(2011)132},
   number={10},
   journal={Journal of High Energy Physics},
   publisher={Springer Science and Business Media LLC},
   author={Chatrchyan, S. and Khachatryan, V. and Sirunyan, A. M. and Tumasyan, A. and Adam, W. and Bergauer, T. and Dragicevic, M. and Erö, J. and Fabjan, C. and et al.},
   year={2011},
   month={Oct}
}
@misc{plehn2009lhc,
      title={LHC Phenomenology for Physics Hunters}, 
      author={Tilman Plehn},
      year={2009},
      eprint={0810.2281},
      archivePrefix={arXiv},
      primaryClass={hep-ph}
}

@article{Peng:2016ebs,
    author = "Peng, Jen-Chieh and Qiu, Jian-Wei",
    title = "{The Drell-Yan Process}",
    journal = "The Universe",
    volume = "4",
    number = "3",
    pages = "34--44",
    year = "2016"
}
@article{Chatrchyan_2014,
   title={Measurement of InclusiveWandZBoson Production Cross Sections},
   volume={112},
   ISSN={1079-7114},
   url={http://dx.doi.org/10.1103/PhysRevLett.112.191802},
   DOI={10.1103/physrevlett.112.191802},
   number={19},
   journal={Physical Review Letters},
   publisher={American Physical Society (APS)},
   author={},
   year={2014},
   month={May}
}

@article{2011,
   title={Measurement of the inclusive W and Z production cross},
   volume={2011},
   ISSN={1029-8479},
   url={http://dx.doi.org/10.1007/JHEP10(2011)132},
   DOI={10.1007/jhep10(2011)132},
   
   year={2011},
   month={Oct}
}
@article{Martin_2009,
   title={Parton distributions for the LHC},
   volume={63},
   ISSN={1434-6052},
   url={http://dx.doi.org/10.1140/epjc/s10052-009-1072-5},
   DOI={10.1140/epjc/s10052-009-1072-5},
   number={2},
   journal={The European Physical Journal C},
   publisher={Springer Science and Business Media LLC},
   author={Martin, A. D. and Stirling, W. J. and Thorne, R. S. and Watt, G.},
   year={2009},
   month={Jul},
   pages={189–285}
}
@misc{alekhin2011pdf4lhc,
      title={The PDF4LHC Working Group Interim Report}, 
      author={Sergey Alekhin and Simone Alioli and Richard D. Ball and Valerio Bertone and Johannes Blumlein and Michiel Botje and Jon Butterworth and Francesco Cerutti and Amanda Cooper-Sarkar and Albert de Roeck and Luigi Del Debbio and Joel Feltesse and Stefano Forte and Alexander Glazov and Alberto Guffanti and Claire Gwenlan and Joey Huston and Pedro Jimenez-Delgado and Hung-Liang Lai and Jose I. Latorre and Ronan McNulty and Pavel Nadolsky and Sven-Olaf Moch and Jon Pumplin and Voica Radescu and Juan Rojo and Torbjorn Sjostrand and W. J. Stirling and Daniel Stump and Robert S. Thorne and Maria Ubiali and Alessandro Vicini and Graeme Watt and C. -P. Yuan},
      year={2011},
      eprint={1101.0536},
      archivePrefix={arXiv},
      primaryClass={hep-ph}
}


@article{Watt_2011,
   title={Parton distribution function dependence of benchmark Standard Model total cross sections at the 7 TeV LHC},
   volume={2011},
   ISSN={1029-8479},
   url={http://dx.doi.org/10.1007/JHEP09(2011)069},
   DOI={10.1007/jhep09(2011)069},
   number={9},
   journal={Journal of High Energy Physics},
   publisher={Springer Science and Business Media LLC},
   author={Watt, G.},
   year={2011},
   month={Sep}
}

@article{Martin_2009,
   title={Uncertainties},
   volume={64},
   ISSN={1434-6052},
   url={http://dx.doi.org/10.1140/epjc/s10052-009-1164-2},
   DOI={10.1140/epjc/s10052-009-1164-2},
   number={4},
   journal={The European Physical Journal C},
   publisher={Springer Science and Business Media LLC},
   author={Martin, A. D. and Stirling, W. J. and Thorne, R. S. and Watt, G.},
   year={2009},
   month={Oct},
   pages={653–680}
}
@article{Ball_2013,
   title={Parton distribution benchmarking with LHC data},
   volume={2013},
   ISSN={1029-8479},
   url={http://dx.doi.org/10.1007/JHEP04(2013)125},
   DOI={10.1007/jhep04(2013)125},
   number={4},
   journal={Journal of High Energy Physics},
   publisher={Springer Science and Business Media LLC},
   author={Ball, Richard D. and Carrazza, Stefano and Del Debbio, Luigi and Forte, Stefano and Gao, Jun and Hartland, Nathan and Huston, Joey and Nadolsky, Pavel and Rojo, Juan and Stump, Daniel and et al.},
   year={2013},
   month={Apr}
}
@article{Khachatryan_2017,
   title={Measurement of the transverse momentum spectra of weak vector bosons},
   volume={2017},
   ISSN={1029-8479},
   url={http://dx.doi.org/10.1007/JHEP02(2017)096},
   DOI={10.1007/jhep02(2017)096},
   number={2},
   journal={Journal of High Energy Physics},
   publisher={Springer Science and Business Media LLC},
   author={Khachatryan, V. and Sirunyan, A. M. and Tumasyan, A. and Adam, W. and Asilar, E. and Bergauer, T. and Brandstetter, J. and Brondolin, E. and Dragicevic, M. and et al.},
   year={2017},
   month={Feb}
}
@article{Aad_2012,
   title={Determination of the Strange-Quark Density of the Proton from ATLAS Measurements of theW andZCross Sections},
   volume={109},
   ISSN={1079-7114},
   url={http://dx.doi.org/10.1103/PhysRevLett.109.012001},
   DOI={10.1103/physrevlett.109.012001},
   number={1},
   journal={Physical Review Letters},
   publisher={American Physical Society (APS)},
   author={Aad, G. and Abbott, B. and Abdallah, J. and Abdelalim, A. A. and Abdesselam, A. and Abdinov, O. and Abi, B. and Abolins, M. and AbouZeid, O. S. and Abramowicz, H. and et al.},
   year={2012},
   month={Jul}
}

@article{Ball_2017,
   title={Parton distributions from high-precision collider data},
   volume={77},
   ISSN={1434-6052},
   url={http://dx.doi.org/10.1140/epjc/s10052-017-5199-5},
   DOI={10.1140/epjc/s10052-017-5199-5},
   number={10},
   journal={The European Physical Journal C},
   publisher={Springer Science and Business Media LLC},
   author={Ball, Richard D. and Bertone, Valerio and Carrazza, Stefano and Debbio, Luigi Del and Forte, Stefano and Groth-Merrild, Patrick and Guffanti, Alberto and Hartland, Nathan P. and Kassabov, Zahari and Latorre, José I. and et al.},
   year={2017},
   month={Oct}
}
